<?xml version="1.0" encoding="UTF-8"?>
<Document xmlns="urn:iso:std:iso:20022:tech:xsd:camt.053.001.02">
<!--
RU-CMPG 
RU2015.01
Выписки по счетам (Account statements)
Ответ на (Response to): 
	TESTRUMM_pain.001.001.03.RU2015.01(FCY)_TESTMSG#01.xml
	TESTRUMM_pain.001.001.03.RU2015.01(FCY)_TESTMSG#02.xml
-->
	<BkToCstmrStmt>
		<GrpHdr>
			<MsgId>ABCDRUMM2015-11-04T06:30:10+02:00</MsgId>
			<CreDtTm>2015-11-04T06:30:10+02:00</CreDtTm>
			<MsgRcpt>
				<Id>
					<OrgId>
						<BICOrBEI>ABCDRUMM</BICOrBEI>
					</OrgId>
				</Id>
			</MsgRcpt>
		</GrpHdr>
		<Stmt>
			<Id>STMT407028401000100000022015-11-03</Id>
			<ElctrncSeqNb>1001</ElctrncSeqNb>
			<CreDtTm>2015-11-04T06:30:10+02:00</CreDtTm>
			<FrToDt>
				<FrDtTm>2015-11-03T06:30:10+02:00</FrDtTm>
				<ToDtTm>2015-11-03T06:30:10+02:00</ToDtTm>
			</FrToDt>
			<Acct>
				<Id>
					<Othr>
						<Id>40702840100010000002</Id>
					</Othr>
				</Id>
				<Ownr>
					<Nm>Test company</Nm>
					<Id>
						<OrgId>
							<Othr>
								<Id>1000000002</Id>
								<SchmeNm>
									<Cd>TXID</Cd>
								</SchmeNm>
							</Othr>
						</OrgId>
					</Id>
				</Ownr>
			</Acct>
			<Bal>
				<Tp>
					<CdOrPrtry>
						<Cd>OPBD</Cd>
					</CdOrPrtry>
				</Tp>
				<Amt Ccy="USD">150000</Amt>
				<CdtDbtInd>CRDT</CdtDbtInd>
				<Dt>
					<Dt>2015-11-03</Dt>
				</Dt>
			</Bal>
			<Bal>
				<Tp>
					<CdOrPrtry>
						<Cd>CLBD</Cd>
					</CdOrPrtry>
				</Tp>
				<Amt Ccy="USD">144351.5</Amt>
				<CdtDbtInd>CRDT</CdtDbtInd>
				<Dt>
					<Dt>2015-11-03</Dt>
				</Dt>
			</Bal>
			<Ntry>
				<Amt Ccy="USD">5200.00</Amt>
				<CdtDbtInd>DBIT</CdtDbtInd>
				<Sts>BOOK</Sts>
				<BookgDt>
					<Dt>2015-11-03</Dt>
				</BookgDt>
				<ValDt>
					<Dt>2015-11-03</Dt>
				</ValDt>
				<AcctSvcrRef>OUT2015-11-03</AcctSvcrRef>
				<BkTxCd>
					<Domn>
						<Cd>PMNT</Cd>
						<Fmly>
							<Cd>ICDT</Cd>
							<SubFmlyCd>NTAV</SubFmlyCd>
						</Fmly>
					</Domn>
				</BkTxCd>
				<NtryDtls>
					<TxDtls>
						<Refs>
							<EndToEndId>79</EndToEndId>
						</Refs>
						<RltdPties>
							<Dbtr>
								<Nm>Test company</Nm>
								<Id>
									<OrgId>
										<Othr>
											<Id>1000000002</Id>
											<SchmeNm>
												<Cd>TXID</Cd>
											</SchmeNm>
										</Othr>
									</OrgId>
								</Id>
							</Dbtr>
							<DbtrAcct>
								<Id>
									<Othr>
										<Id>40702840100010000002</Id>
									</Othr>
								</Id>
							</DbtrAcct>
							<Cdtr>
								<Nm>FISH AND BIRDS LTD </Nm>
							</Cdtr>
							<CdtrAcct>
								<Id>
									<Othr>
										<Id>1234567890</Id>
									</Othr>
								</Id>
							</CdtrAcct>
						</RltdPties>
						<RltdAgts>
							<DbtrAgt>
								<FinInstnId>
									<BIC>ABCDRUMMXXX</BIC>
									<PstlAdr>
										<Ctry>RU</Ctry>
									</PstlAdr>
								</FinInstnId>
							</DbtrAgt>
							<CdtrAgt>
								<FinInstnId>
									<BIC>CHASUS33XXX</BIC>
									<Nm>JPMORGAN CHASE BANK, N.A.</Nm>
									<PstlAdr>
										<Ctry>US</Ctry>
									</PstlAdr>
								</FinInstnId>
							</CdtrAgt>
							<IntrmyAgt1>
								<FinInstnId>
									<BIC>ABNARUMMSAK</BIC>
									<PstlAdr>
										<Ctry>RU</Ctry>
									</PstlAdr>
								</FinInstnId>
							</IntrmyAgt1>
						</RltdAgts>
						<RmtInf>
							<Ustrd>AdvancePayment Contract No 222-ABC Tax Excluded</Ustrd>
							<Strd>
								<RfrdDocInf>
									<RltdDt>2015-11-03</RltdDt>
								</RfrdDocInf>
							</Strd>
						</RmtInf>
					</TxDtls>
				</NtryDtls>
			</Ntry>
			<Ntry>
				<Amt Ccy="USD">15.00</Amt>
				<CdtDbtInd>DBIT</CdtDbtInd>
				<Sts>BOOK</Sts>
				<BookgDt>
					<Dt>2015-11-03</Dt>
				</BookgDt>
				<ValDt>
					<Dt>2015-11-03</Dt>
				</ValDt>
				<AcctSvcrRef>CHRG2015-11-0379</AcctSvcrRef>
				<BkTxCd>
					<Domn>
						<Cd>PMNT</Cd>
						<Fmly>
							<Cd>MDOP</Cd>
							<SubFmlyCd>COMM</SubFmlyCd>
						</Fmly>
					</Domn>
				</BkTxCd>
				<NtryDtls>
					<TxDtls>
						<Refs>
							<EndToEndId>79</EndToEndId>
						</Refs>
						<RltdPties>
							<Dbtr>
								<Nm>Test company</Nm>
								<Id>
									<OrgId>
										<Othr>
											<Id>1000000002</Id>
											<SchmeNm>
												<Cd>TXID</Cd>
											</SchmeNm>
										</Othr>
									</OrgId>
								</Id>
							</Dbtr>
							<DbtrAcct>
								<Id>
									<Othr>
										<Id>40702840100010000002</Id>
									</Othr>
								</Id>
							</DbtrAcct>
							<Cdtr>
								<Nm>ABCD Bank</Nm>
							</Cdtr>
							<CdtrAcct>
								<Id>
									<Othr>
										<Id>30101810300000000004</Id>
									</Othr>
								</Id>
							</CdtrAcct>
						</RltdPties>
						<RltdAgts>
							<DbtrAgt>
								<FinInstnId>
									<BIC>ABCDRUMMXXX</BIC>
									<PstlAdr>
										<Ctry>RU</Ctry>
									</PstlAdr>
								</FinInstnId>
							</DbtrAgt>
							<CdtrAgt>
								<FinInstnId>
									<BIC>ABCDRUMMXXX</BIC>
									<PstlAdr>
										<Ctry>RU</Ctry>
									</PstlAdr>
								</FinInstnId>
							</CdtrAgt>
						</RltdAgts>
					</TxDtls>
				</NtryDtls>
			</Ntry>
			<Ntry>
				<Amt Ccy="USD">418.50</Amt>
				<CdtDbtInd>DBIT</CdtDbtInd>
				<Sts>BOOK</Sts>
				<BookgDt>
					<Dt>2015-11-03</Dt>
				</BookgDt>
				<ValDt>
					<Dt>2015-11-03</Dt>
				</ValDt>
				<AcctSvcrRef>OUT2015-11-03</AcctSvcrRef>
				<BkTxCd>
					<Domn>
						<Cd>PMNT</Cd>
						<Fmly>
							<Cd>ICDT</Cd>
							<SubFmlyCd>NTAV</SubFmlyCd>
						</Fmly>
					</Domn>
				</BkTxCd>
				<NtryDtls>
					<TxDtls>
						<Refs>
							<EndToEndId>78</EndToEndId>
						</Refs>
						<RltdPties>
							<Dbtr>
								<Nm>Test company</Nm>
								<Id>
									<OrgId>
										<Othr>
											<Id>1000000002</Id>
											<SchmeNm>
												<Cd>TXID</Cd>
											</SchmeNm>
										</Othr>
									</OrgId>
								</Id>
							</Dbtr>
							<DbtrAcct>
								<Id>
									<Othr>
										<Id>40702840100010000002</Id>
									</Othr>
								</Id>
							</DbtrAcct>
							<Cdtr>
								<Nm>BELLY SERVICE PROVIDER </Nm>
							</Cdtr>
							<CdtrAcct>
								<Id>
									<Othr>
										<Id>1234567890</Id>
									</Othr>
								</Id>
							</CdtrAcct>
						</RltdPties>
						<RltdAgts>
							<DbtrAgt>
								<FinInstnId>
									<BIC>ABCDRUMMXXX</BIC>
									<PstlAdr>
										<Ctry>RU</Ctry>
									</PstlAdr>
								</FinInstnId>
							</DbtrAgt>
							<CdtrAgt>
								<FinInstnId>
									<BIC>CHASUS33XXX</BIC>
									<Nm>JPMORGAN CHASE BANK, N.A.</Nm>
									<PstlAdr>
										<Ctry>US</Ctry>
									</PstlAdr>
								</FinInstnId>
							</CdtrAgt>
						</RltdAgts>
						<RmtInf>
							<Ustrd>Payment Contract No 224-2F Tax Included</Ustrd>
							<Strd>
								<RfrdDocInf>
									<RltdDt>2015-11-03</RltdDt>
								</RfrdDocInf>
							</Strd>
						</RmtInf>
					</TxDtls>
				</NtryDtls>
			</Ntry>
			<Ntry>
				<Amt Ccy="USD">15.00</Amt>
				<CdtDbtInd>DBIT</CdtDbtInd>
				<Sts>BOOK</Sts>
				<BookgDt>
					<Dt>2015-11-03</Dt>
				</BookgDt>
				<ValDt>
					<Dt>2015-11-03</Dt>
				</ValDt>
				<AcctSvcrRef>CHRG2015-11-0378</AcctSvcrRef>
				<BkTxCd>
					<Domn>
						<Cd>PMNT</Cd>
						<Fmly>
							<Cd>MDOP</Cd>
							<SubFmlyCd>COMM</SubFmlyCd>
						</Fmly>
					</Domn>
				</BkTxCd>
				<NtryDtls>
					<TxDtls>
						<Refs>
							<EndToEndId>78</EndToEndId>
						</Refs>
						<RltdPties>
							<Dbtr>
								<Nm>Test company</Nm>
								<Id>
									<OrgId>
										<Othr>
											<Id>1000000002</Id>
											<SchmeNm>
												<Cd>TXID</Cd>
											</SchmeNm>
										</Othr>
									</OrgId>
								</Id>
							</Dbtr>
							<DbtrAcct>
								<Id>
									<Othr>
										<Id>40702840100010000002</Id>
									</Othr>
								</Id>
							</DbtrAcct>
							<Cdtr>
								<Nm>ABCD Bank</Nm>
							</Cdtr>
							<CdtrAcct>
								<Id>
									<Othr>
										<Id>30101810300000000004</Id>
									</Othr>
								</Id>
							</CdtrAcct>
						</RltdPties>
						<RltdAgts>
							<DbtrAgt>
								<FinInstnId>
									<BIC>ABCDRUMMXXX</BIC>
									<PstlAdr>
										<Ctry>RU</Ctry>
									</PstlAdr>
								</FinInstnId>
							</DbtrAgt>
							<CdtrAgt>
								<FinInstnId>
									<BIC>ABCDRUMMXXX</BIC>
									<PstlAdr>
										<Ctry>RU</Ctry>
									</PstlAdr>
								</FinInstnId>
							</CdtrAgt>
						</RltdAgts>
					</TxDtls>
				</NtryDtls>
			</Ntry>
		</Stmt>
	</BkToCstmrStmt>
</Document>
