<?xml version="1.0" encoding="UTF-8"?>
<Document xmlns="urn:iso:std:iso:20022:tech:xsd:camt.053.001.02" xmlns:xsi="http://www.w3.org/2001/XMLSchema-instance">
<!--
RU-CMPG 
RU2015.01
Выписки по счетам (Account statements)
Ответ на (Response to): 
	TESTRUMM_pain.001.001.03.RU2015.01(RUB)_TESTMSG#01.xml
	TESTRUMM_pain.001.001.03.RU2015.01(RUB)_TESTMSG#02.xml
-->
	<BkToCstmrStmt>
		<GrpHdr>
			<MsgId>ABCDRUMM2015-11-16T06:30:10+02:00</MsgId>
			<CreDtTm>2015-11-16T06:30:10+02:00</CreDtTm>
			<MsgRcpt>
				<Id>
					<OrgId>
						<BICOrBEI>ABCDRUMM</BICOrBEI>
					</OrgId>
				</Id>
			</MsgRcpt>
		</GrpHdr>
		<Stmt>
			<Id>STMT40702810500010000002015-11-16</Id>
			<ElctrncSeqNb>1001</ElctrncSeqNb>
			<CreDtTm>2015-11-16T06:30:10+02:00</CreDtTm>
			<FrToDt>
				<FrDtTm>2015-11-16T06:30:10+02:00</FrDtTm>
				<ToDtTm>2015-11-16T06:30:10+02:00</ToDtTm>
			</FrToDt>
			<Acct>
				<Id>
					<Othr>
						<Id>4070281050001000000</Id>
					</Othr>
				</Id>
				<Ownr>
					<Nm>ООО "Плательщик 001" -1234567890123456789 123456789 123456789 123456789 123456789 123456789 123456789 123456789 123456789 123456789 1234567*</Nm>
					<Id>
						<OrgId>
							<Othr>
								<Id>1000000001</Id>
								<SchmeNm>
									<Cd>TXID</Cd>
								</SchmeNm>
							</Othr>
						</OrgId>
					</Id>
				</Ownr>
			</Acct>
			<Bal>
				<Tp>
					<CdOrPrtry>
						<Cd>OPBD</Cd>
					</CdOrPrtry>
				</Tp>
				<Amt Ccy="RUB">150000</Amt>
				<CdtDbtInd>CRDT</CdtDbtInd>
				<Dt>
					<Dt>2015-11-16</Dt>
				</Dt>
			</Bal>
			<Bal>
				<Tp>
					<CdOrPrtry>
						<Cd>CLBD</Cd>
					</CdOrPrtry>
				</Tp>
				<Amt Ccy="RUB">65546</Amt>
				<CdtDbtInd>CRDT</CdtDbtInd>
				<Dt>
					<Dt>2015-11-16</Dt>
				</Dt>
			</Bal>
			<Ntry>
				<Amt Ccy="RUB">21102.00</Amt>
				<CdtDbtInd>DBIT</CdtDbtInd>
				<Sts>BOOK</Sts>
				<BookgDt>
					<Dt>2015-11-16</Dt>
				</BookgDt>
				<ValDt>
					<Dt>2015-11-16</Dt>
				</ValDt>
				<AcctSvcrRef>OUT2015-11-16</AcctSvcrRef>
				<BkTxCd>
					<Domn>
						<Cd>PMNT</Cd>
						<Fmly>
							<Cd>ICDT</Cd>
							<SubFmlyCd>NTAV</SubFmlyCd>
						</Fmly>
					</Domn>
					<Prtry>
						<Cd>FTRF</Cd>
					</Prtry>
				</BkTxCd>
				<NtryDtls>
					<TxDtls>
						<Refs>
							<EndToEndId>20102</EndToEndId>
						</Refs>
						<RltdPties>
							<Dbtr>
								<Nm>ООО "Плательщик 001" -1234567890123456789 123456789 123456789 123456789 123456789 123456789 123456789 123456789 123456789 123456789 1234567*</Nm>
								<Id>
									<OrgId>
										<Othr>
											<Id>1000000001</Id>
											<SchmeNm>
												<Cd>TXID</Cd>
											</SchmeNm>
										</Othr>
									</OrgId>
								</Id>
							</Dbtr>
							<DbtrAcct>
								<Id>
									<Othr>
										<Id>4070281050001000000</Id>
									</Othr>
								</Id>
							</DbtrAcct>
							<Cdtr>
								<Nm>ООО "Получатель 202" </Nm>
								<Id>
									<OrgId>
										<Othr>
											<Id>1000000202</Id>
											<SchmeNm>
												<Cd>TXID</Cd>
											</SchmeNm>
										</Othr>
									</OrgId>
								</Id>
							</Cdtr>
							<CdtrAcct>
								<Id>
									<Othr>
										<Id>40702810500010000202</Id>
									</Othr>
								</Id>
							</CdtrAcct>
						</RltdPties>
						<RltdAgts>
							<DbtrAgt>
								<FinInstnId>
									<ClrSysMmbId>
										<MmbId>044444441</MmbId>
									</ClrSysMmbId>
									<Nm>АО "Банк 1"</Nm>
									<PstlAdr>
										<Ctry>RU</Ctry>
									</PstlAdr>
								</FinInstnId>
							</DbtrAgt>
							<CdtrAgt>
								<FinInstnId>
									<ClrSysMmbId>
										<MmbId>044444442</MmbId>
									</ClrSysMmbId>
									<Nm>АО "Банк 2"</Nm>
									<PstlAdr>
										<Ctry>RU</Ctry>
									</PstlAdr>
								</FinInstnId>
							</CdtrAgt>
						</RltdAgts>
						<RmtInf>
							<Ustrd>Налоговый платеж, период КВ.01.2015</Ustrd>
							<Strd>
								<RfrdDocInf>
									<RltdDt>2015-11-11</RltdDt>
								</RfrdDocInf>
							</Strd>
						</RmtInf>
					</TxDtls>
				</NtryDtls>
			</Ntry>
			<Ntry>
				<Amt Ccy="RUB">10.00</Amt>
				<CdtDbtInd>DBIT</CdtDbtInd>
				<Sts>BOOK</Sts>
				<BookgDt>
					<Dt>2015-11-16</Dt>
				</BookgDt>
				<ValDt>
					<Dt>2015-11-16</Dt>
				</ValDt>
				<AcctSvcrRef>CHRG2015-11-1620102</AcctSvcrRef>
				<BkTxCd>
					<Domn>
						<Cd>PMNT</Cd>
						<Fmly>
							<Cd>MDOP</Cd>
							<SubFmlyCd>COMM</SubFmlyCd>
						</Fmly>
					</Domn>
					<Prtry>
						<Cd>FCHG</Cd>
					</Prtry>
				</BkTxCd>
				<NtryDtls>
					<TxDtls>
						<Refs>
							<EndToEndId>20102</EndToEndId>
						</Refs>
						<RltdPties>
							<Dbtr>
								<Nm>ООО "Плательщик 001" -1234567890123456789 123456789 123456789 123456789 123456789 123456789 123456789 123456789 123456789 123456789 1234567*</Nm>
								<Id>
									<OrgId>
										<Othr>
											<Id>1000000001</Id>
											<SchmeNm>
												<Cd>TXID</Cd>
											</SchmeNm>
										</Othr>
									</OrgId>
								</Id>
							</Dbtr>
							<DbtrAcct>
								<Id>
									<Othr>
										<Id>4070281050001000000</Id>
									</Othr>
								</Id>
							</DbtrAcct>
							<Cdtr>
								<Nm>АО "Банк 1"</Nm>
							</Cdtr>
							<CdtrAcct>
								<Id>
									<Othr>
										<Id>30101810300000000004</Id>
									</Othr>
								</Id>
							</CdtrAcct>
						</RltdPties>
						<RltdAgts>
							<DbtrAgt>
								<FinInstnId>
									<ClrSysMmbId>
										<MmbId>044444441</MmbId>
									</ClrSysMmbId>
									<Nm>АО "Банк 1"</Nm>
									<PstlAdr>
										<Ctry>RU</Ctry>
									</PstlAdr>
								</FinInstnId>
							</DbtrAgt>
							<CdtrAgt>
								<FinInstnId>
									<ClrSysMmbId>
										<MmbId>044444441</MmbId>
									</ClrSysMmbId>
									<Nm>АО "Банк 1"</Nm>
									<PstlAdr>
										<Ctry>RU</Ctry>
									</PstlAdr>
								</FinInstnId>
							</CdtrAgt>
						</RltdAgts>
					</TxDtls>
				</NtryDtls>
			</Ntry>
			<Ntry>
				<Amt Ccy="RUB">21103.00</Amt>
				<CdtDbtInd>DBIT</CdtDbtInd>
				<Sts>BOOK</Sts>
				<BookgDt>
					<Dt>2015-11-16</Dt>
				</BookgDt>
				<ValDt>
					<Dt>2015-11-16</Dt>
				</ValDt>
				<AcctSvcrRef>OUT2015-11-16</AcctSvcrRef>
				<BkTxCd>
					<Domn>
						<Cd>PMNT</Cd>
						<Fmly>
							<Cd>ICDT</Cd>
							<SubFmlyCd>NTAV</SubFmlyCd>
						</Fmly>
					</Domn>
					<Prtry>
						<Cd>FTRF</Cd>
					</Prtry>
				</BkTxCd>
				<NtryDtls>
					<TxDtls>
						<Refs>
							<EndToEndId>20103</EndToEndId>
						</Refs>
						<RltdPties>
							<Dbtr>
								<Nm>ООО "Плательщик 001" -1234567890123456789 123456789 123456789 123456789 123456789 123456789 123456789 123456789 123456789 123456789 1234567*</Nm>
								<Id>
									<OrgId>
										<Othr>
											<Id>1000000001</Id>
											<SchmeNm>
												<Cd>TXID</Cd>
											</SchmeNm>
										</Othr>
									</OrgId>
								</Id>
							</Dbtr>
							<DbtrAcct>
								<Id>
									<Othr>
										<Id>4070281050001000000</Id>
									</Othr>
								</Id>
							</DbtrAcct>
							<Cdtr>
								<Nm>ООО "Получатель 203" </Nm>
								<Id>
									<OrgId>
										<Othr>
											<Id>1000000203</Id>
											<SchmeNm>
												<Cd>TXID</Cd>
											</SchmeNm>
										</Othr>
									</OrgId>
								</Id>
							</Cdtr>
							<CdtrAcct>
								<Id>
									<Othr>
										<Id>40702810800010000203</Id>
									</Othr>
								</Id>
							</CdtrAcct>
						</RltdPties>
						<RltdAgts>
							<DbtrAgt>
								<FinInstnId>
									<ClrSysMmbId>
										<MmbId>044444441</MmbId>
									</ClrSysMmbId>
									<Nm>АО "Банк 1"</Nm>
									<PstlAdr>
										<Ctry>RU</Ctry>
									</PstlAdr>
								</FinInstnId>
							</DbtrAgt>
							<CdtrAgt>
								<FinInstnId>
									<ClrSysMmbId>
										<MmbId>044444442</MmbId>
									</ClrSysMmbId>
									<Nm>АО "Банк 2"</Nm>
									<PstlAdr>
										<Ctry>RU</Ctry>
									</PstlAdr>
								</FinInstnId>
							</CdtrAgt>
						</RltdAgts>
						<RmtInf>
							<Ustrd>Налоговый платеж, период МС.12.2015</Ustrd>
							<Strd>
								<RfrdDocInf>
									<RltdDt>2015-11-11</RltdDt>
								</RfrdDocInf>
							</Strd>
						</RmtInf>
					</TxDtls>
				</NtryDtls>
			</Ntry>
			<Ntry>
				<Amt Ccy="RUB">10.00</Amt>
				<CdtDbtInd>DBIT</CdtDbtInd>
				<Sts>BOOK</Sts>
				<BookgDt>
					<Dt>2015-11-16</Dt>
				</BookgDt>
				<ValDt>
					<Dt>2015-11-16</Dt>
				</ValDt>
				<AcctSvcrRef>CHRG2015-11-1620103</AcctSvcrRef>
				<BkTxCd>
					<Domn>
						<Cd>PMNT</Cd>
						<Fmly>
							<Cd>MDOP</Cd>
							<SubFmlyCd>COMM</SubFmlyCd>
						</Fmly>
					</Domn>
					<Prtry>
						<Cd>FCHG</Cd>
					</Prtry>
				</BkTxCd>
				<NtryDtls>
					<TxDtls>
						<Refs>
							<EndToEndId>20103</EndToEndId>
						</Refs>
						<RltdPties>
							<Dbtr>
								<Nm>ООО "Плательщик 001" -1234567890123456789 123456789 123456789 123456789 123456789 123456789 123456789 123456789 123456789 123456789 1234567*</Nm>
								<Id>
									<OrgId>
										<Othr>
											<Id>1000000001</Id>
											<SchmeNm>
												<Cd>TXID</Cd>
											</SchmeNm>
										</Othr>
									</OrgId>
								</Id>
							</Dbtr>
							<DbtrAcct>
								<Id>
									<Othr>
										<Id>4070281050001000000</Id>
									</Othr>
								</Id>
							</DbtrAcct>
							<Cdtr>
								<Nm>АО "Банк 1"</Nm>
							</Cdtr>
							<CdtrAcct>
								<Id>
									<Othr>
										<Id>30101810300000000004</Id>
									</Othr>
								</Id>
							</CdtrAcct>
						</RltdPties>
						<RltdAgts>
							<DbtrAgt>
								<FinInstnId>
									<ClrSysMmbId>
										<MmbId>044444441</MmbId>
									</ClrSysMmbId>
									<Nm>АО "Банк 1"</Nm>
									<PstlAdr>
										<Ctry>RU</Ctry>
									</PstlAdr>
								</FinInstnId>
							</DbtrAgt>
							<CdtrAgt>
								<FinInstnId>
									<ClrSysMmbId>
										<MmbId>044444441</MmbId>
									</ClrSysMmbId>
									<Nm>АО "Банк 1"</Nm>
									<PstlAdr>
										<Ctry>RU</Ctry>
									</PstlAdr>
								</FinInstnId>
							</CdtrAgt>
						</RltdAgts>
					</TxDtls>
				</NtryDtls>
			</Ntry>
			<Ntry>
				<Amt Ccy="RUB">21104.00</Amt>
				<CdtDbtInd>DBIT</CdtDbtInd>
				<Sts>BOOK</Sts>
				<BookgDt>
					<Dt>2015-11-16</Dt>
				</BookgDt>
				<ValDt>
					<Dt>2015-11-16</Dt>
				</ValDt>
				<AcctSvcrRef>OUT2015-11-16</AcctSvcrRef>
				<BkTxCd>
					<Domn>
						<Cd>PMNT</Cd>
						<Fmly>
							<Cd>ICDT</Cd>
							<SubFmlyCd>NTAV</SubFmlyCd>
						</Fmly>
					</Domn>
					<Prtry>
						<Cd>FTRF</Cd>
					</Prtry>
				</BkTxCd>
				<NtryDtls>
					<TxDtls>
						<Refs>
							<EndToEndId>20104</EndToEndId>
						</Refs>
						<RltdPties>
							<Dbtr>
								<Nm>ООО "Плательщик 001" -1234567890123456789 123456789 123456789 123456789 123456789 123456789 123456789 123456789 123456789 123456789 1234567*</Nm>
								<Id>
									<OrgId>
										<Othr>
											<Id>1000000001</Id>
											<SchmeNm>
												<Cd>TXID</Cd>
											</SchmeNm>
										</Othr>
									</OrgId>
								</Id>
							</Dbtr>
							<DbtrAcct>
								<Id>
									<Othr>
										<Id>4070281050001000000</Id>
									</Othr>
								</Id>
							</DbtrAcct>
							<Cdtr>
								<Nm>ООО "Получатель 203" </Nm>
								<Id>
									<OrgId>
										<Othr>
											<Id>1000000203</Id>
											<SchmeNm>
												<Cd>TXID</Cd>
											</SchmeNm>
										</Othr>
									</OrgId>
								</Id>
							</Cdtr>
							<CdtrAcct>
								<Id>
									<Othr>
										<Id>40702810800010000203</Id>
									</Othr>
								</Id>
							</CdtrAcct>
						</RltdPties>
						<RltdAgts>
							<DbtrAgt>
								<FinInstnId>
									<ClrSysMmbId>
										<MmbId>044444441</MmbId>
									</ClrSysMmbId>
									<Nm>АО "Банк 1"</Nm>
									<PstlAdr>
										<Ctry>RU</Ctry>
									</PstlAdr>
								</FinInstnId>
							</DbtrAgt>
							<CdtrAgt>
								<FinInstnId>
									<ClrSysMmbId>
										<MmbId>044444442</MmbId>
									</ClrSysMmbId>
									<Nm>АО "Банк 2"</Nm>
									<PstlAdr>
										<Ctry>RU</Ctry>
									</PstlAdr>
								</FinInstnId>
							</CdtrAgt>
						</RltdAgts>
						<RmtInf>
							<Ustrd>Налоговый платеж, период 01.01.2015</Ustrd>
							<Strd>
								<RfrdDocInf>
									<RltdDt>2015-11-11</RltdDt>
								</RfrdDocInf>
							</Strd>
						</RmtInf>
					</TxDtls>
				</NtryDtls>
			</Ntry>
			<Ntry>
				<Amt Ccy="RUB">10.00</Amt>
				<CdtDbtInd>DBIT</CdtDbtInd>
				<Sts>BOOK</Sts>
				<BookgDt>
					<Dt>2015-11-16</Dt>
				</BookgDt>
				<ValDt>
					<Dt>2015-11-16</Dt>
				</ValDt>
				<AcctSvcrRef>CHRG2015-11-1620104</AcctSvcrRef>
				<BkTxCd>
					<Domn>
						<Cd>PMNT</Cd>
						<Fmly>
							<Cd>MDOP</Cd>
							<SubFmlyCd>COMM</SubFmlyCd>
						</Fmly>
					</Domn>
					<Prtry>
						<Cd>FCHG</Cd>
					</Prtry>
				</BkTxCd>
				<NtryDtls>
					<TxDtls>
						<Refs>
							<EndToEndId>20104</EndToEndId>
						</Refs>
						<RltdPties>
							<Dbtr>
								<Nm>ООО "Плательщик 001" -1234567890123456789 123456789 123456789 123456789 123456789 123456789 123456789 123456789 123456789 123456789 1234567*</Nm>
								<Id>
									<OrgId>
										<Othr>
											<Id>1000000001</Id>
											<SchmeNm>
												<Cd>TXID</Cd>
											</SchmeNm>
										</Othr>
									</OrgId>
								</Id>
							</Dbtr>
							<DbtrAcct>
								<Id>
									<Othr>
										<Id>4070281050001000000</Id>
									</Othr>
								</Id>
							</DbtrAcct>
							<Cdtr>
								<Nm>АО "Банк 1"</Nm>
							</Cdtr>
							<CdtrAcct>
								<Id>
									<Othr>
										<Id>30101810300000000004</Id>
									</Othr>
								</Id>
							</CdtrAcct>
						</RltdPties>
						<RltdAgts>
							<DbtrAgt>
								<FinInstnId>
									<ClrSysMmbId>
										<MmbId>044444441</MmbId>
									</ClrSysMmbId>
									<Nm>АО "Банк 1"</Nm>
									<PstlAdr>
										<Ctry>RU</Ctry>
									</PstlAdr>
								</FinInstnId>
							</DbtrAgt>
							<CdtrAgt>
								<FinInstnId>
									<ClrSysMmbId>
										<MmbId>044444441</MmbId>
									</ClrSysMmbId>
									<Nm>АО "Банк 1"</Nm>
									<PstlAdr>
										<Ctry>RU</Ctry>
									</PstlAdr>
								</FinInstnId>
							</CdtrAgt>
						</RltdAgts>
					</TxDtls>
				</NtryDtls>
			</Ntry>
			<Ntry>
				<Amt Ccy="RUB">21105.00</Amt>
				<CdtDbtInd>DBIT</CdtDbtInd>
				<Sts>BOOK</Sts>
				<BookgDt>
					<Dt>2015-11-16</Dt>
				</BookgDt>
				<ValDt>
					<Dt>2015-11-16</Dt>
				</ValDt>
				<AcctSvcrRef>OUT2015-11-16</AcctSvcrRef>
				<BkTxCd>
					<Domn>
						<Cd>PMNT</Cd>
						<Fmly>
							<Cd>ICDT</Cd>
							<SubFmlyCd>NTAV</SubFmlyCd>
						</Fmly>
					</Domn>
					<Prtry>
						<Cd>FTRF</Cd>
					</Prtry>
				</BkTxCd>
				<NtryDtls>
					<TxDtls>
						<Refs>
							<EndToEndId>20105</EndToEndId>
						</Refs>
						<RltdPties>
							<Dbtr>
								<Nm>ООО "Плательщик 001" -1234567890123456789 123456789 123456789 123456789 123456789 123456789 123456789 123456789 123456789 123456789 1234567*</Nm>
								<Id>
									<OrgId>
										<Othr>
											<Id>1000000001</Id>
											<SchmeNm>
												<Cd>TXID</Cd>
											</SchmeNm>
										</Othr>
									</OrgId>
								</Id>
							</Dbtr>
							<DbtrAcct>
								<Id>
									<Othr>
										<Id>4070281050001000000</Id>
									</Othr>
								</Id>
							</DbtrAcct>
							<Cdtr>
								<Nm>ООО "Получатель 203" </Nm>
								<Id>
									<OrgId>
										<Othr>
											<Id>1000000203</Id>
											<SchmeNm>
												<Cd>TXID</Cd>
											</SchmeNm>
										</Othr>
									</OrgId>
								</Id>
							</Cdtr>
							<CdtrAcct>
								<Id>
									<Othr>
										<Id>40702810800010000203</Id>
									</Othr>
								</Id>
							</CdtrAcct>
						</RltdPties>
						<RltdAgts>
							<DbtrAgt>
								<FinInstnId>
									<ClrSysMmbId>
										<MmbId>044444441</MmbId>
									</ClrSysMmbId>
									<Nm>АО "Банк 1"</Nm>
									<PstlAdr>
										<Ctry>RU</Ctry>
									</PstlAdr>
								</FinInstnId>
							</DbtrAgt>
							<CdtrAgt>
								<FinInstnId>
									<ClrSysMmbId>
										<MmbId>044444442</MmbId>
									</ClrSysMmbId>
									<Nm>АО "Банк 2"</Nm>
									<PstlAdr>
										<Ctry>RU</Ctry>
									</PstlAdr>
								</FinInstnId>
							</CdtrAgt>
						</RltdAgts>
						<RmtInf>
							<Ustrd>Налоговый платеж с пустыми реквизитами 102-110, без УИН</Ustrd>
							<Strd>
								<RfrdDocInf>
									<RltdDt>2015-11-11</RltdDt>
								</RfrdDocInf>
							</Strd>
						</RmtInf>
					</TxDtls>
				</NtryDtls>
			</Ntry>
			<Ntry>
				<Amt Ccy="RUB">10.00</Amt>
				<CdtDbtInd>DBIT</CdtDbtInd>
				<Sts>BOOK</Sts>
				<BookgDt>
					<Dt>2015-11-16</Dt>
				</BookgDt>
				<ValDt>
					<Dt>2015-11-16</Dt>
				</ValDt>
				<AcctSvcrRef>CHRG2015-11-1620105</AcctSvcrRef>
				<BkTxCd>
					<Domn>
						<Cd>PMNT</Cd>
						<Fmly>
							<Cd>MDOP</Cd>
							<SubFmlyCd>COMM</SubFmlyCd>
						</Fmly>
					</Domn>
					<Prtry>
						<Cd>FCHG</Cd>
					</Prtry>
				</BkTxCd>
				<NtryDtls>
					<TxDtls>
						<Refs>
							<EndToEndId>20105</EndToEndId>
						</Refs>
						<RltdPties>
							<Dbtr>
								<Nm>ООО "Плательщик 001" -1234567890123456789 123456789 123456789 123456789 123456789 123456789 123456789 123456789 123456789 123456789 1234567*</Nm>
								<Id>
									<OrgId>
										<Othr>
											<Id>1000000001</Id>
											<SchmeNm>
												<Cd>TXID</Cd>
											</SchmeNm>
										</Othr>
									</OrgId>
								</Id>
							</Dbtr>
							<DbtrAcct>
								<Id>
									<Othr>
										<Id>4070281050001000000</Id>
									</Othr>
								</Id>
							</DbtrAcct>
							<Cdtr>
								<Nm>АО "Банк 1"</Nm>
							</Cdtr>
							<CdtrAcct>
								<Id>
									<Othr>
										<Id>30101810300000000004</Id>
									</Othr>
								</Id>
							</CdtrAcct>
						</RltdPties>
						<RltdAgts>
							<DbtrAgt>
								<FinInstnId>
									<ClrSysMmbId>
										<MmbId>044444441</MmbId>
									</ClrSysMmbId>
									<Nm>АО "Банк 1"</Nm>
									<PstlAdr>
										<Ctry>RU</Ctry>
									</PstlAdr>
								</FinInstnId>
							</DbtrAgt>
							<CdtrAgt>
								<FinInstnId>
									<ClrSysMmbId>
										<MmbId>044444441</MmbId>
									</ClrSysMmbId>
									<Nm>АО "Банк 1"</Nm>
									<PstlAdr>
										<Ctry>RU</Ctry>
									</PstlAdr>
								</FinInstnId>
							</CdtrAgt>
						</RltdAgts>
					</TxDtls>
				</NtryDtls>
			</Ntry>
		</Stmt>
		<Stmt>
			<Id>STMT407028108000100000022015-11-16</Id>
			<ElctrncSeqNb>2001</ElctrncSeqNb>
			<CreDtTm>2015-11-16T06:30:10+02:00</CreDtTm>
			<FrToDt>
				<FrDtTm>2015-11-16T06:30:10+02:00</FrDtTm>
				<ToDtTm>2015-11-16T06:30:10+02:00</ToDtTm>
			</FrToDt>
			<Acct>
				<Id>
					<Othr>
						<Id>40702810800010000002</Id>
					</Othr>
				</Id>
				<Ownr>
					<Nm>ООО "Плательщик 002"</Nm>
					<Id>
						<OrgId>
							<Othr>
								<Id>1000000002</Id>
								<SchmeNm>
									<Cd>TXID</Cd>
								</SchmeNm>
							</Othr>
						</OrgId>
					</Id>
				</Ownr>
			</Acct>
			<Bal>
				<Tp>
					<CdOrPrtry>
						<Cd>OPBD</Cd>
					</CdOrPrtry>
				</Tp>
				<Amt Ccy="RUB">150000</Amt>
				<CdtDbtInd>CRDT</CdtDbtInd>
				<Dt>
					<Dt>2015-11-16</Dt>
				</Dt>
			</Bal>
			<Bal>
				<Tp>
					<CdOrPrtry>
						<Cd>CLBD</Cd>
					</CdOrPrtry>
				</Tp>
				<Amt Ccy="RUB">86363</Amt>
				<CdtDbtInd>CRDT</CdtDbtInd>
				<Dt>
					<Dt>2015-11-16</Dt>
				</Dt>
			</Bal>
			<Ntry>
				<Amt Ccy="RUB">21201.00</Amt>
				<CdtDbtInd>DBIT</CdtDbtInd>
				<Sts>BOOK</Sts>
				<BookgDt>
					<Dt>2015-11-16</Dt>
				</BookgDt>
				<ValDt>
					<Dt>2015-11-16</Dt>
				</ValDt>
				<AcctSvcrRef>OUT2015-11-16</AcctSvcrRef>
				<BkTxCd>
					<Domn>
						<Cd>PMNT</Cd>
						<Fmly>
							<Cd>ICDT</Cd>
							<SubFmlyCd>NTAV</SubFmlyCd>
						</Fmly>
					</Domn>
					<Prtry>
						<Cd>FTRF</Cd>
					</Prtry>
				</BkTxCd>
				<NtryDtls>
					<TxDtls>
						<Refs>
							<EndToEndId>20201</EndToEndId>
						</Refs>
						<RltdPties>
							<Dbtr>
								<Nm>ООО "Плательщик 002"</Nm>
								<Id>
									<OrgId>
										<Othr>
											<Id>1000000002</Id>
											<SchmeNm>
												<Cd>TXID</Cd>
											</SchmeNm>
										</Othr>
									</OrgId>
								</Id>
							</Dbtr>
							<DbtrAcct>
								<Id>
									<Othr>
										<Id>40702810800010000002</Id>
									</Othr>
								</Id>
							</DbtrAcct>
							<Cdtr>
								<Nm>ООО "Получатель 202" </Nm>
								<Id>
									<OrgId>
										<Othr>
											<Id>1000000202</Id>
											<SchmeNm>
												<Cd>TXID</Cd>
											</SchmeNm>
										</Othr>
									</OrgId>
								</Id>
							</Cdtr>
							<CdtrAcct>
								<Id>
									<Othr>
										<Id>40702810500010000202</Id>
									</Othr>
								</Id>
							</CdtrAcct>
						</RltdPties>
						<RltdAgts>
							<DbtrAgt>
								<FinInstnId>
									<ClrSysMmbId>
										<MmbId>044444441</MmbId>
									</ClrSysMmbId>
									<Nm>АО "Банк 1"</Nm>
									<PstlAdr>
										<Ctry>RU</Ctry>
									</PstlAdr>
								</FinInstnId>
							</DbtrAgt>
							<CdtrAgt>
								<FinInstnId>
									<ClrSysMmbId>
										<MmbId>044444442</MmbId>
									</ClrSysMmbId>
									<Nm>АО "Банк 2"</Nm>
									<PstlAdr>
										<Ctry>RU</Ctry>
									</PstlAdr>
								</FinInstnId>
							</CdtrAgt>
						</RltdAgts>
						<RmtInf>
							<Ustrd>Обычный платеж, структурный НДС * НДС не облагается</Ustrd>
							<Strd>
								<RfrdDocInf>
									<RltdDt>2015-11-11</RltdDt>
								</RfrdDocInf>
							</Strd>
						</RmtInf>
					</TxDtls>
				</NtryDtls>
			</Ntry>
			<Ntry>
				<Amt Ccy="RUB">10.00</Amt>
				<CdtDbtInd>DBIT</CdtDbtInd>
				<Sts>BOOK</Sts>
				<BookgDt>
					<Dt>2015-11-16</Dt>
				</BookgDt>
				<ValDt>
					<Dt>2015-11-16</Dt>
				</ValDt>
				<AcctSvcrRef>CHRG2015-11-1620201</AcctSvcrRef>
				<BkTxCd>
					<Domn>
						<Cd>PMNT</Cd>
						<Fmly>
							<Cd>MDOP</Cd>
							<SubFmlyCd>COMM</SubFmlyCd>
						</Fmly>
					</Domn>
					<Prtry>
						<Cd>FCHG</Cd>
					</Prtry>
				</BkTxCd>
				<NtryDtls>
					<TxDtls>
						<Refs>
							<EndToEndId>20201</EndToEndId>
						</Refs>
						<RltdPties>
							<Dbtr>
								<Nm>ООО "Плательщик 002"</Nm>
								<Id>
									<OrgId>
										<Othr>
											<Id>1000000002</Id>
											<SchmeNm>
												<Cd>TXID</Cd>
											</SchmeNm>
										</Othr>
									</OrgId>
								</Id>
							</Dbtr>
							<DbtrAcct>
								<Id>
									<Othr>
										<Id>40702810800010000002</Id>
									</Othr>
								</Id>
							</DbtrAcct>
							<Cdtr>
								<Nm>АО "Банк 1"</Nm>
							</Cdtr>
							<CdtrAcct>
								<Id>
									<Othr>
										<Id>30101810300000000004</Id>
									</Othr>
								</Id>
							</CdtrAcct>
						</RltdPties>
						<RltdAgts>
							<DbtrAgt>
								<FinInstnId>
									<ClrSysMmbId>
										<MmbId>044444441</MmbId>
									</ClrSysMmbId>
									<Nm>АО "Банк 1"</Nm>
									<PstlAdr>
										<Ctry>RU</Ctry>
									</PstlAdr>
								</FinInstnId>
							</DbtrAgt>
							<CdtrAgt>
								<FinInstnId>
									<ClrSysMmbId>
										<MmbId>044444441</MmbId>
									</ClrSysMmbId>
									<Nm>АО "Банк 1"</Nm>
									<PstlAdr>
										<Ctry>RU</Ctry>
									</PstlAdr>
								</FinInstnId>
							</CdtrAgt>
						</RltdAgts>
					</TxDtls>
				</NtryDtls>
			</Ntry>
			<Ntry>
				<Amt Ccy="RUB">21202.00</Amt>
				<CdtDbtInd>DBIT</CdtDbtInd>
				<Sts>BOOK</Sts>
				<BookgDt>
					<Dt>2015-11-16</Dt>
				</BookgDt>
				<ValDt>
					<Dt>2015-11-16</Dt>
				</ValDt>
				<AcctSvcrRef>OUT2015-11-16</AcctSvcrRef>
				<BkTxCd>
					<Domn>
						<Cd>PMNT</Cd>
						<Fmly>
							<Cd>ICDT</Cd>
							<SubFmlyCd>NTAV</SubFmlyCd>
						</Fmly>
					</Domn>
					<Prtry>
						<Cd>FTRF</Cd>
					</Prtry>
				</BkTxCd>
				<NtryDtls>
					<TxDtls>
						<Refs>
							<EndToEndId>20202</EndToEndId>
						</Refs>
						<RltdPties>
							<Dbtr>
								<Nm>ООО "Плательщик 002"</Nm>
								<Id>
									<OrgId>
										<Othr>
											<Id>1000000002</Id>
											<SchmeNm>
												<Cd>TXID</Cd>
											</SchmeNm>
										</Othr>
									</OrgId>
								</Id>
							</Dbtr>
							<DbtrAcct>
								<Id>
									<Othr>
										<Id>40702810800010000002</Id>
									</Othr>
								</Id>
							</DbtrAcct>
							<Cdtr>
								<Nm>ООО "Получатель 202" </Nm>
								<Id>
									<OrgId>
										<Othr>
											<Id>1000000202</Id>
											<SchmeNm>
												<Cd>TXID</Cd>
											</SchmeNm>
										</Othr>
									</OrgId>
								</Id>
							</Cdtr>
							<CdtrAcct>
								<Id>
									<Othr>
										<Id>40702810500010000202</Id>
									</Othr>
								</Id>
							</CdtrAcct>
						</RltdPties>
						<RltdAgts>
							<DbtrAgt>
								<FinInstnId>
									<ClrSysMmbId>
										<MmbId>044444441</MmbId>
									</ClrSysMmbId>
									<Nm>АО "Банк 1"</Nm>
									<PstlAdr>
										<Ctry>RU</Ctry>
									</PstlAdr>
								</FinInstnId>
							</DbtrAgt>
							<CdtrAgt>
								<FinInstnId>
									<ClrSysMmbId>
										<MmbId>044444442</MmbId>
									</ClrSysMmbId>
									<Nm>АО "Банк 2"</Nm>
									<PstlAdr>
										<Ctry>RU</Ctry>
									</PstlAdr>
								</FinInstnId>
							</CdtrAgt>
						</RltdAgts>
						<RmtInf>
							<Ustrd>{VO22202} Обычный платеж, структурный код VO, НДС * Включая НДС 1000.00 (10.00%)</Ustrd>
							<Strd>
								<RfrdDocInf>
									<RltdDt>2015-11-11</RltdDt>
								</RfrdDocInf>
							</Strd>
						</RmtInf>
					</TxDtls>
				</NtryDtls>
			</Ntry>
			<Ntry>
				<Amt Ccy="RUB">10.00</Amt>
				<CdtDbtInd>DBIT</CdtDbtInd>
				<Sts>BOOK</Sts>
				<BookgDt>
					<Dt>2015-11-16</Dt>
				</BookgDt>
				<ValDt>
					<Dt>2015-11-16</Dt>
				</ValDt>
				<AcctSvcrRef>CHRG2015-11-1620202</AcctSvcrRef>
				<BkTxCd>
					<Domn>
						<Cd>PMNT</Cd>
						<Fmly>
							<Cd>MDOP</Cd>
							<SubFmlyCd>COMM</SubFmlyCd>
						</Fmly>
					</Domn>
					<Prtry>
						<Cd>FCHG</Cd>
					</Prtry>
				</BkTxCd>
				<NtryDtls>
					<TxDtls>
						<Refs>
							<EndToEndId>20202</EndToEndId>
						</Refs>
						<RltdPties>
							<Dbtr>
								<Nm>ООО "Плательщик 002"</Nm>
								<Id>
									<OrgId>
										<Othr>
											<Id>1000000002</Id>
											<SchmeNm>
												<Cd>TXID</Cd>
											</SchmeNm>
										</Othr>
									</OrgId>
								</Id>
							</Dbtr>
							<DbtrAcct>
								<Id>
									<Othr>
										<Id>40702810800010000002</Id>
									</Othr>
								</Id>
							</DbtrAcct>
							<Cdtr>
								<Nm>АО "Банк 1"</Nm>
							</Cdtr>
							<CdtrAcct>
								<Id>
									<Othr>
										<Id>30101810300000000004</Id>
									</Othr>
								</Id>
							</CdtrAcct>
						</RltdPties>
						<RltdAgts>
							<DbtrAgt>
								<FinInstnId>
									<ClrSysMmbId>
										<MmbId>044444441</MmbId>
									</ClrSysMmbId>
									<Nm>АО "Банк 1"</Nm>
									<PstlAdr>
										<Ctry>RU</Ctry>
									</PstlAdr>
								</FinInstnId>
							</DbtrAgt>
							<CdtrAgt>
								<FinInstnId>
									<ClrSysMmbId>
										<MmbId>044444441</MmbId>
									</ClrSysMmbId>
									<Nm>АО "Банк 1"</Nm>
									<PstlAdr>
										<Ctry>RU</Ctry>
									</PstlAdr>
								</FinInstnId>
							</CdtrAgt>
						</RltdAgts>
					</TxDtls>
				</NtryDtls>
			</Ntry>
			<Ntry>
				<Amt Ccy="RUB">21204.00</Amt>
				<CdtDbtInd>DBIT</CdtDbtInd>
				<Sts>BOOK</Sts>
				<BookgDt>
					<Dt>2015-11-16</Dt>
				</BookgDt>
				<ValDt>
					<Dt>2015-11-16</Dt>
				</ValDt>
				<AcctSvcrRef>OUT2015-11-16</AcctSvcrRef>
				<BkTxCd>
					<Domn>
						<Cd>PMNT</Cd>
						<Fmly>
							<Cd>ICDT</Cd>
							<SubFmlyCd>NTAV</SubFmlyCd>
						</Fmly>
					</Domn>
					<Prtry>
						<Cd>FTRF</Cd>
					</Prtry>
				</BkTxCd>
				<NtryDtls>
					<TxDtls>
						<Refs>
							<EndToEndId>20204</EndToEndId>
						</Refs>
						<RltdPties>
							<Dbtr>
								<Nm>ООО "Плательщик 002"</Nm>
								<Id>
									<OrgId>
										<Othr>
											<Id>1000000002</Id>
											<SchmeNm>
												<Cd>TXID</Cd>
											</SchmeNm>
										</Othr>
									</OrgId>
								</Id>
							</Dbtr>
							<DbtrAcct>
								<Id>
									<Othr>
										<Id>40702810800010000002</Id>
									</Othr>
								</Id>
							</DbtrAcct>
							<Cdtr>
								<Nm>ООО "Получатель 203" </Nm>
								<Id>
									<OrgId>
										<Othr>
											<Id>1000000203</Id>
											<SchmeNm>
												<Cd>TXID</Cd>
											</SchmeNm>
										</Othr>
									</OrgId>
								</Id>
							</Cdtr>
							<CdtrAcct>
								<Id>
									<Othr>
										<Id>40702810800010000203</Id>
									</Othr>
								</Id>
							</CdtrAcct>
						</RltdPties>
						<RltdAgts>
							<DbtrAgt>
								<FinInstnId>
									<ClrSysMmbId>
										<MmbId>044444441</MmbId>
									</ClrSysMmbId>
									<Nm>АО "Банк 1"</Nm>
									<PstlAdr>
										<Ctry>RU</Ctry>
									</PstlAdr>
								</FinInstnId>
							</DbtrAgt>
							<CdtrAgt>
								<FinInstnId>
									<ClrSysMmbId>
										<MmbId>044444442</MmbId>
									</ClrSysMmbId>
									<Nm>АО "Банк 2"</Nm>
									<PstlAdr>
										<Ctry>RU</Ctry>
									</PstlAdr>
								</FinInstnId>
							</CdtrAgt>
						</RltdAgts>
						<RmtInf>
							<Ustrd>Таможенный платеж, код таможни 1000000004 НДС не облагается</Ustrd>
							<Strd>
								<RfrdDocInf>
									<RltdDt>2015-11-11</RltdDt>
								</RfrdDocInf>
							</Strd>
						</RmtInf>
					</TxDtls>
				</NtryDtls>
			</Ntry>
			<Ntry>
				<Amt Ccy="RUB">10.00</Amt>
				<CdtDbtInd>DBIT</CdtDbtInd>
				<Sts>BOOK</Sts>
				<BookgDt>
					<Dt>2015-11-16</Dt>
				</BookgDt>
				<ValDt>
					<Dt>2015-11-16</Dt>
				</ValDt>
				<AcctSvcrRef>CHRG2015-11-1620204</AcctSvcrRef>
				<BkTxCd>
					<Domn>
						<Cd>PMNT</Cd>
						<Fmly>
							<Cd>MDOP</Cd>
							<SubFmlyCd>COMM</SubFmlyCd>
						</Fmly>
					</Domn>
					<Prtry>
						<Cd>FCHG</Cd>
					</Prtry>
				</BkTxCd>
				<NtryDtls>
					<TxDtls>
						<Refs>
							<EndToEndId>20204</EndToEndId>
						</Refs>
						<RltdPties>
							<Dbtr>
								<Nm>ООО "Плательщик 002"</Nm>
								<Id>
									<OrgId>
										<Othr>
											<Id>1000000002</Id>
											<SchmeNm>
												<Cd>TXID</Cd>
											</SchmeNm>
										</Othr>
									</OrgId>
								</Id>
							</Dbtr>
							<DbtrAcct>
								<Id>
									<Othr>
										<Id>40702810800010000002</Id>
									</Othr>
								</Id>
							</DbtrAcct>
							<Cdtr>
								<Nm>АО "Банк 1"</Nm>
							</Cdtr>
							<CdtrAcct>
								<Id>
									<Othr>
										<Id>30101810300000000004</Id>
									</Othr>
								</Id>
							</CdtrAcct>
						</RltdPties>
						<RltdAgts>
							<DbtrAgt>
								<FinInstnId>
									<ClrSysMmbId>
										<MmbId>044444441</MmbId>
									</ClrSysMmbId>
									<Nm>АО "Банк 1"</Nm>
									<PstlAdr>
										<Ctry>RU</Ctry>
									</PstlAdr>
								</FinInstnId>
							</DbtrAgt>
							<CdtrAgt>
								<FinInstnId>
									<ClrSysMmbId>
										<MmbId>044444441</MmbId>
									</ClrSysMmbId>
									<Nm>АО "Банк 1"</Nm>
									<PstlAdr>
										<Ctry>RU</Ctry>
									</PstlAdr>
								</FinInstnId>
							</CdtrAgt>
						</RltdAgts>
					</TxDtls>
				</NtryDtls>
			</Ntry>
		</Stmt>
	</BkToCstmrStmt>
</Document>